@book{Bishop,
    lccn = {2006922522},
    series = {Information science and statistics},
    abstract = {The field of pattern recognition has undergone substantial development over the years. This book reflects these developments while providing a grounding in the basic concepts of pattern recognition and machine learning. It is aimed at advanced undergraduates or first year PhD students, as well as researchers and practitioners.},
    publisher = {Springer},
    isbn = {978-0-387-31073-2},
    year = {2006},
    title = {Pattern recognition and machine learning},
    language = {eng},
    address = {New York},
    author = {Bishop, Christopher M},
    keywords = {Pattern perception; Pattern recognition systems; Machine learning; Reconnaissance des formes (Informatique) -- Manuels d'enseignement supérieur; Apprentissage automatique -- Manuels d'enseignement supérieur; Reconnaissance des formes (Informatique) -- Problèmes et exercices; Apprentissage automatique -- Problèmes et exercices; Statistique mathématique; Machine learning; Pattern perception; Pattern recognition systems; Patroonherkenning; Machine-learning; Redes neurais; Reconhecimento de padrões; Aprendizado computacional; Maschinelles Lernen; Mustererkennung; Reconocimiento de modelos; Aprendizaje automático (Inteligencia artificial); Machine learning},
}

@book{Doing,
  title={Doing Bayesian data analysis: A tutorial with R, JAGS, and Stan},
  author={Kruschke, John},
  year={2014},
  publisher={Academic Press}
}